@IEEEtranBSTCTL{IEEEexample:BSTcontrol,
CTLuse_forced_etal       = "yes",
CTLmax_names_forced_etal = "6",
CTLnames_show_etal       = "1" }

@ARTICLE{cascadeAcceleration,
author={Noebels, Matthias and Dobson, Ian and Panteli, Mathaios},  journal={IEEE Transactions on Power Systems},   title={Observed Acceleration of Cascading Outages},   year={2021},  volume={36},  number={4},  pages={3821-3824},  doi={10.1109/TPWRS.2021.3071028}}

@INPROCEEDINGS{MCDETasTool,
author={Sabot, Frédéric and Henneaux, Pierre and Labeau, Pierre-Etienne},  booktitle={2021 IEEE Madrid PowerTech},   title={{MCDET} as a Tool for Probabilistic Dynamic Security Assessment of Transmission Systems},   year={2021}, month = 6,  doi={10.1109/PowerTech46648.2021.9494758}}

@inproceedings{LambdaMu2022,
author = {Sabot, Frédéric and Henneaux, Pierre and Labeau, Pierre-Etienne and Dricot, Jean-Michel},
booktitle={23ème congrès de Maîtrise des risques et de Sûreté de Fonctionnement (Lambda Mu 23)},
year = {2022},
month = 10,
address = {Paris Saclay, France},
title = {Impact of the reliability of {ICT} systems on power systems with system integrity protection schemes},
url = {https://hal.archives-ouvertes.fr/hal-03876439}
}

@INPROCEEDINGS{ISGT2023_ADN,
    author={Sabot, Frédéric and Henneaux, Pierre and Lamprianidou, Ifigeneia S. and Papadopoulos, Panagiotis N.},
    booktitle={2023 IEEE PES Innovative Smart Grid Technologies Europe (ISGT EUROPE)},
    title={Statistics-informed bounds for active distribution network equivalents subject to large disturbances},
    year={2023},
    month = 10,
    doi={10.1109/ISGTEUROPE56780.2023.10408629}
}

@INPROCEEDINGS{ISGT2023_Protections,
    author={Sabot, Frédéric and Labeau, Pierre-Etienne and Henneaux, Pierre},
    booktitle={2023 IEEE PES Innovative Smart Grid Technologies Europe (ISGT EUROPE)},
    title={Handling protection-related uncertainties in simulations of fast cascading outages},
    year={2023},
    month = 10,
    doi={10.1109/ISGTEUROPE56780.2023.10408629}
}

@misc{Cosim,
      title={Towards an Efficient Simulation Approach for Transmission Systems with {ICT} Infrastructures},
      author={Frédéric Sabot and Pierre-Etienne Labeau and Jean-Michel Dricot and Pierre Henneaux},
      year={2023},
      eprint={2311.14467},
      archivePrefix={arXiv},
      primaryClass={eess.SY}
}

@INPROCEEDINGS{CIGRE_paper,
  author={Sabot, Frédéric and Henneaux, Pierre and Lamprianidou, Ifigeneia S. and Papadopoulos, Panagiotis N. and Bell, Keith},
  booktitle={CIGRE Paris Session 2024},
  title={Impact of active distribution networks on power system stability - a case study},
  year={2024},
  month = 8,
}

@ARTICLE{Journal_paper,
  author={Frédéric Sabot and Pierre-Etienne Labeau and Pierre Henneaux},
  title={Towards Probabilistic Dynamic Security Assessment and Enhancement of Large Power Systems},
  journal={IEEE Transactions on Power Systems},
  addendum = {\textbf{{N}ote:} Under review.},
}
  % year={2012},
  % volume={27},
  % number={2},
  % pages={631-641},
  % doi={10.1109/TPWRS.2011.2177868}


@ARTICLE{CascadingMethodoAndChallenges,  author={Vaiman, M. and Bell and Chen and Chowdhury and Dobson and Hines and Papic and Miller and Zhang},  journal={IEEE Transactions on Power Systems},   title={Risk Assessment of Cascading Outages: Methodologies and Challenges},   year={2012},  volume={27},  number={2},  pages={631-641},  doi={10.1109/TPWRS.2011.2177868}}

@techreport{majorBlackouts,
author = {{CIGRE Working Group C1.17}},
year = {2010},
month = {10},
institution = {CIGRE},
title = {Planning to Manage Power Interruption Events},
url = {https://www.cigreaustralia.org.au/assets/Uploads/c1.17-planning-to-manage-power-interruption-events.pdf},
urldate = {2020-06-08},
}

@techreport{NERCDisturbancesReport,
  author = {NERC},
  title = {Disturbance Reports},
  address = {New Jersey},
  date = {1984/1988},
  institution = {NERC}
}

@ARTICLE{ZoneVulnerability,
author={S. {Tamronglak} and S. H. {Horowitz} and A. G. {Phadke} and J. S. {Thorp}},
journal={IEEE Transactions on Power Delivery},
title={Anatomy of power system blackouts: preventive relaying strategies},
year={1996},
volume={11},
number={2},
pages={708-715},
}

@ARTICLE{StabilityDefinition,
author={Kundur, P. and Paserba, J. and Ajjarapu, V. and Andersson, G. and Bose, A. and Canizares, C. and Hatziargyriou, N. and Hill, D. and Stankovic, A. and Taylor, C. and Van Cutsem, T. and Vittal, V.},  journal={IEEE Transactions on Power Systems},   title={Definition and classification of power system stability IEEE/CIGRE joint task force on stability terms and definitions},   year={2004},  volume={19},  number={3},  pages={1387-1401},  doi={10.1109/TPWRS.2004.825981}}

@ARTICLE{StabilityDefinitionRevised,
  author={Hatziargyriou, Nikos and Milanovic, Jovica and Rahmann, Claudia and Ajjarapu, Venkataramana and Canizares, Claudio and Erlich, Istvan and Hill, David and Hiskens, Ian and Kamwa, Innocent and Pal, Bikash and Pourbeik, Pouyan and Sanchez-Gasca, Juan and Stankovic, Aleksandar and Van Cutsem, Thierry and Vittal, Vijay and Vournas, Costas},
  journal={IEEE Transactions on Power Systems},
  title={Definition and Classification of Power System Stability - Revisited \& Extended},
  year={2021},
  volume={36},
  number={4},
  pages={3271-3281},
  doi={10.1109/TPWRS.2020.3041774}}


@ARTICLE{AdequancySecurityDefinition,
author={{Power Systems Engineering Committee}},  journal={IEEE Transactions on Power Apparatus and Systems},   title={Reliability Indices for Use in Bulk Power Supply Adequacy Evaluation},   year={1978},  volume={PAS-97},  number={4},  pages={1097-1103},  doi={10.1109/TPAS.1978.354589}}

@book{gomez2017electric,
  title={Electric Energy Systems: Analysis and Operation},
  author={Gomez-Exposito, A. and Conejo, A.J. and Canizares, C.},
  isbn={9781420007275},
  lccn={2008013036},
  series={Electric Power Engineering Series},
  url={https://books.google.be/books?id=Bpp3XX\_AqJkC},
  year={2017},
  publisher={CRC Press}
}

@techreport{N-1-ENTSOE,
author = {UCTE},
title = {Policy 3: Emergency Operations},
year = {2009},
url = {https://eepublicdownloads.entsoe.eu/clean-documents/pre2015/publications/entsoe/Operation_Handbook/Policy_3_final.pdf},
urldate = {2022-07-25},
institution = {UCTE},
}

@techreport{UCTE_Probabilistic,
author = {UCTE},
title = {Operation handbook - Appendix 3: Operational Security},
year = {2009},
url = {https://eepublicdownloads.entsoe.eu/clean-documents/pre2015/publications/entsoe/Operation_Handbook/Policy_3_Appendix_final.pdf},
urldate = {2022-08-06},
institution = {UCTE},
}

@techreport{CIGREreviewOfTools,
author = {{CIGRE Working Group C4.601}},
year = {2010},
month = {3},
title = {Review of the Current Status of Tools and Techniques for Risk-Based and Probabilistic Planning in Power Systems},
institution = {CIGRE},
}

% @INPROCEEDINGS{VOLL,
% author={Kirschen, D.S. and Bell, K.R.W. and Nedic, D.P. and Jayaweera, D. and Allan, R.N.},  booktitle={Fifth International Conference on Power System Management and Control},   title={Computing the value of security},   year={2002},  volume={},  number={488},  pages={35-40},  doi={10.1049/cp:20020007}}

@ARTICLE{VOLL,
  author={Henneaux, Pierre and Kirschen, Daniel S.},
  journal={IEEE Transactions on Power Systems},
  title={Probabilistic Security Analysis of Optimal Transmission Switching},
  year={2016},
  volume={31},
  number={1},
  pages={508-517},
  keywords={Security;Generators;Mathematical model;Equations;Probabilistic logic;Switches;Topology;Operational reliability;power system economics;power system security;transmission switching;value of lost load},
  doi={10.1109/TPWRS.2015.2409152}} % Restoration model I use

@article{PSAreviewPreeceMilanovic,
title = {Existing approaches and trends in uncertainty modelling and probabilistic stability analysis of power systems with renewable generation},
journal = {Renewable and Sustainable Energy Reviews},
volume = {101},
pages = {168-180},
year = {2019},
doi = {https://doi.org/10.1016/j.rser.2018.10.027},
author = {Kazi Nazmul Hasan and Robin Preece and Jovica V. Milanović},
}

@INPROCEEDINGS{Benchmarking2018,
author={Henneaux, Pierre and Ciapessoni, Emanuele and Cirio, Diego and Cotilla-Sanchez, Eduardo and Diao, Ruisheng and Dobson, Ian and Gaikwad, Anish and Miller, Stephen and Papic, Milorad and Pitto, Andrea and Qi, Junjian and Samaan, Nader and Sansavini, Giovanni and Uppalapati, Sunitha and Yao, Rui},  booktitle={2018 IEEE International Conference on Probabilistic Methods Applied to Power Systems (PMAPS)},   title={Benchmarking Quasi-Steady State Cascading Outage Analysis Methodologies},   year={2018}, doi={10.1109/PMAPS.2018.8440212}}

@ARTICLE{Benchmarking2016,
author={Bialek, Janusz and Ciapessoni, Emanuele and Cirio, Diego and Cotilla-Sanchez, Eduardo and Dent, Chris and Dobson, Ian and Henneaux, Pierre and Hines, Paul and Jardim, Jorge and Miller, Stephen and Panteli, Mathaios and Papic, Milorad and Pitto, Andrea and Quiros-Tortos, Jairo and Wu, Dee},  journal={IEEE Transactions on Power Systems},   title={Benchmarking and Validation of Cascading Failure Analysis Tools},   year={2016},  volume={31},  number={6},  pages={4887-4900},  doi={10.1109/TPWRS.2016.2518660}}

@misc{PSSE,
author = {Siemens},
title = {{PSS/E} User Manual Version 33.4},
year = {2013},
month = {3}
}

@misc{PowerFactory,
author = {DIgSILENT},
year = {2018},
month = {12},
title = {{PowerFactory} 2019 - User Manual}
}

@misc{AssessRTE,
author = {RTE},
title = {{ASSESS}, une plateforme d'analyse statistique et probabiliste des réeaux électriques},
url = {https://www.yumpu.com/fr/document/view/49334695/rte-assess-fr-page-1},
urldate = {2022-07-28}
}

@article{AssessNationalGrid,
title = {A flexible and comprehensive approach to the assessment of large-scale power system security under uncertainty},
journal = {International Journal of Electrical Power \& Energy Systems},
volume = {26},
number = {4},
pages = {265-272},
year = {2004},
issn = {0142-0615},
doi = {https://doi.org/10.1016/j.ijepes.2003.10.006},
author = {J.-P. Paul and K.R.W. Bell},
}

@book{GridPSA,
author = {Haarla, Liisa and Koskinen, Mikko and Hirvonen, Ritva and Labeau, Pierre-Etienne},
year = {2011},
month = 1,
title = {Transmission grid security: A PSA approach},
publisher = {Springer-Verlag},
address   = {London},
volume = {46},
doi = {10.1007/978-0-85729-145-5}
}

@phdthesis{Haarla,
  author       = {Pottonen, Liisa},
  title        = {A Method for the Probabilistic Security Analysis of Transmission Grids},
  school       = {Helsinki University of Technology},
  year         = 2005,
  month        = 4,
  isbn = {951-22-7591-0}
}

@ARTICLE{LargeContributeMoreThanMediumBlackouts,
author={Carreras, Benjamin A. and Newman, David E. and Dobson, Ian},  journal={IEEE Transactions on Power Systems},   title={North American Blackout Time Series Statistics and Implications for Blackout Risk},   year={2016},  volume={31},  number={6},  pages={4406-4414},  doi={10.1109/TPWRS.2015.2510627}}

@ARTICLE{MLEfthymios,
author={Duchesne, Laurine and Karangelos, Efthymios and Wehenkel, Louis},  journal={Proceedings of the IEEE},   title={Recent Developments in Machine Learning for Energy Systems Reliability Management},   year={2020},  volume={108},  number={9},  pages={1656-1676},  doi={10.1109/JPROC.2020.2988715}}

@ARTICLE{MultiTimescaleMarkovianTree-ActuallyOnlyQSS,
author={Yao, Rui and Huang, Shaowei and Sun, Kai and Liu, Feng and Zhang, Xuemin and Mei, Shengwei and Wei, Wei and Ding, Lijie},  journal={IEEE Transactions on Power Systems},   title={Risk Assessment of Multi-Timescale Cascading Outages Based on Markovian Tree Search},   year={2017},  volume={32},  number={4},  pages={2887-2900},  doi={10.1109/TPWRS.2016.2618365}}

@INPROCEEDINGS{BenchmarkingStaticVsDynamic,
author={Ciapessoni, E. and Cirio, D. and Pitto, A.},  booktitle={2014 IEEE PES General Meeting - Conference \& Exposition},   title={Cascadings in large power systems: Benchmarking static vs. time domain simulation},   year={2014}, doi={10.1109/PESGM.2014.6939469}}


@article{Preece1000RandomDynN-2,
author = {Dai, Yitian and Preece, Robin and Panteli, Mathaios},
title = {Risk assessment of cascading failures in power systems with increasing wind penetration},
journal = {Electric Power Systems Research},
volume = {211},
pages = {108392},
year = {2022},
issn = {0378-7796},
doi = {https://doi.org/10.1016/j.epsr.2022.108392},
}

@article{TopologicalModelsBad,
author = {Hines,Paul  and Cotilla-Sanchez,Eduardo  and Blumsack,Seth },
title = {Do topological models provide good information about electricity infrastructure vulnerability?},
journal = {Chaos: An Interdisciplinary Journal of Nonlinear Science},
volume = {20},
number = {3},
pages = {033122},
year = {2010},
doi = {10.1063/1.3489887},
}

@ARTICLE{OriginalManchesterModel,
author={Rios, M.A. and Kirschen, D.S. and Jayaweera, D. and Nedic, D.P. and Allan, R.N.},  journal={IEEE Transactions on Power Systems},   title={Value of security: modeling time-dependent phenomena and weather conditions},   year={2002},  volume={17},  number={3},  pages={543-548},  doi={10.1109/TPWRS.2002.800872}}

@inproceedings{OPA2019,
  title={Validating the OPA Cascading Blackout Model on a 19402 Bus Transmission Network with Both Mesh and Tree Structures},
  author={Benjam{\'i}n A. Carreras and Jos{\'e} Miguel Reynolds-Barredo and Ian Dobson and David E. Newman},
  booktitle={HICSS},
  year={2019}
}

@article{CascadingInfluenceGraph,
author = {Hines, Paul and Dobson, Ian and Rezaei, Pooya},
year = {2015},
month = {08},
pages = {},
title = {Cascading Power Outages Propagate Locally in an Influence Graph That is Not the Actual Grid Topology},
volume = {32},
journal = {IEEE Transactions on Power Systems},
doi = {10.1109/TPWRS.2016.2578259}
}

@ARTICLE{ManchesterNoebels,
author={Noebels, Matthias and Preece, Robin and Panteli, Mathaios},  journal={IEEE Systems Journal},   title={AC Cascading Failure Model for Resilience Analysis in Power Networks},   year={2022},  volume={16},  number={1},  pages={374-385},  doi={10.1109/JSYST.2020.3037400}}

@INPROCEEDINGS{BenefitsAndChallengesDynamicPreece,
author={Yitian, Dai and Robin, Preece and Mathaios, Panteli},  booktitle={11th Bulk Power Systems Dynamics and Control Symposium (IREP 2022)},   title={Benefits and Challenges of Dynamic Modelling of Cascading Failures in Power Systems},   year={2020}, month={7},
address = {Banff, Canada}, url = {https://arxiv.org/abs/2207.03389}, urldate = {2022-08-02}}

@phdthesis{SongThesis,
  author       = {Song, Jiajia},
  title        = {Dynamic modeling and mitigation of cascading failure in power systems},
  school       = {Oregon State University},
  year         = 2015,
  month        = 3,
}

@ARTICLE{SongPaper,
author={Song, Jiajia and Cotilla-Sanchez, Eduardo and Ghanavati, Goodarz and Hines, Paul D. H.},  journal={IEEE Transactions on Power Systems},   title={Dynamic Modeling of Cascading Failure in Power Systems},   year={2016},  volume={31},  number={3},  pages={2085-2095},  doi={10.1109/TPWRS.2015.2439237}}

@phdthesis{QimingChenThesis,
  author       = {Qiming, Chen},
  title        = {The probability, identification, and prevention of rare events in power systems},
  school       = {Iowa State University},
  year         = 2004,
  month        = 1,
  doi          = {10.31274/rtd-180813-9878},
}

@INPROCEEDINGS{TestSystemHenneaux,
author={Henneaux, Pierre and Song, Jiajia and Cotilla-Sanchez, Eduardo},  booktitle={2014 IEEE Conference on Technologies for Sustainability (SusTech)},   title={Enhancing test power systems for dynamic cascading outage simulations},   year={2014},  volume={},  number={},  pages={107-114},  doi={10.1109/SusTech.2014.7046228}}

@inproceedings{Faghihi,
  title={Dynamic probabilistic risk analysis of the fast cascade phase of large disturbances in power system},
  author={Farshid Faghihi and Pierre Henneaux and Pierre-Etienne Labeau},
  year={2012},
  booktitle={11th International Probabilistic Safety Assessment and Management Conference and the Annual European Safety and Reliability Conference 2012, PSAM11 ESREL 2012},
  pages ={586-595},
}

@ARTICLE{GridFormingAreTheyTheKey,
author={Matevosyan, Julia and Badrzadeh, Babak and Prevost, Thibault and Quitmann, Eckard and Ramasubramanian, Deepak and Urdal, Helge and Achilles, Sebastian and MacDowell, Jason and Huang, Shun Hsien and Vital, Vijay and O'Sullivan, Jon and Quint, Ryan},  journal={IEEE Power and Energy Magazine},   title={Grid-Forming Inverters: Are They the Key for High Renewable Penetration?},   year={2019},  volume={17},  number={6},  pages={89-98},  doi={10.1109/MPE.2019.2933072}}

@article{AvoidEMT,
author={Sakinci, Ozgur Can and Roose, Thomas and Puricelli, Francesco Giacomo and Avdiaj, Eros and Cifuentes Garcia, Francisco Javier and Beerten, Jef},
title={Evolving power systems, addressing stability needs before it is too late},
journal={{ELECTRA}},
year={2023},
number={327},
month={4}
}

@techreport{FaultTreeHandbook,
title = {Fault tree handbook},
author = {Haasl, D F and Roberts, N H and Vesely, W E and Goldberg, F F},
institution = {Nuclear Regulatory Commission},
url = {https://www.nrc.gov/docs/ML1007/ML100780465.pdf},
urldate = {2022-08-04},
place = {United States},
year = {1981},
month = {1},
addendum = {\textbf{{N}ote:} A US VPN is required to access the document because terrorists do not have access to this fancy technology.},
}

@techreport{DCATphase1,
author = {Samaan, Nader and Dagle, Jeffery and Makarov, Yuri and Diao, Ruisheng and Nguyen, Tony and Miller, Laurie and Vallem, Mallikarjuna and Vyakaranam, Bharat and Wang, Shaobu and Tuffner, Frank and Pai, Anantha},
year = {2015},
month = {11},
title = {Dynamic Contingency Analysis Tool – Phase 1},
institution = {Pacific Northwest National Laboratory},
url = {https://www.pnnl.gov/main/publications/external/technical_reports/PNNL-24843.pdf},
urldate = {2022-08-04},
}

@techreport{DCATphase2,
title = {Risk-Based Dynamic Contingency Analysis Applied to {P}uerto {R}ico Electric Infrastructure},
author = {Elizondo, Marcelo A. and Fan, Xiaoyuan and Davis, Sarah H. and Vyakaranam, Bharat GNVSR and Ke, Xinda and Barrett, Emily L. and Newman, Sarah F. and Royer, Patrick D. and Etingov, Pavel V. and Tbaileh, Ahmad and Wang, Heng and Agrawal, Urmila and Du, Wei and Weidert, Paul J. and Lewis, David A. and Franklin, Tycko P. and Samaan, Nader A. and Makarov, Yuri V. and Dagle, Jeffery E.},
doi = {10.2172/1771798},
place = {United States},
institution = {Pacific Northwest National Laboratory},
year = {2020},
month = {5},
url = {https://www.pnnl.gov/main/publications/external/technical_reports/PNNL-29985.pdf},
urldate = {2022-08-04},
}

@ARTICLE{EurostagHPC,
  author={Konstantelos, Ioannis and Jamgotchian, Geoffroy and Tindemans, Simon H. and Duchesne, Philippe and Cole, Stijn and Merckx, Christian and Strbac, Goran and Panciatici, Patrick},
  journal={IEEE Transactions on Smart Grid},
  title={Implementation of a Massively Parallel Dynamic Security Assessment Platform for Large-Scale Grids},
  year={2017},
  volume={8},
  number={3},
  pages={1417-1426},
  doi={10.1109/TSG.2016.2606888}}

@article{MCDET,
author = {Martina Kloos and Jörg Peschke},
title = {MCDET: A Probabilistic Dynamics Method Combining Monte Carlo Simulation with the Discrete Dynamic Event Tree Approach},
journal = {Nuclear Science and Engineering},
volume = {153},
number = {2},
pages = {137-156},
year  = {2006},
publisher = {Taylor \& Francis},
doi = {10.13182/NSE06-A2601},
}

@unpublished{PierreMCDETprelim,
title= {Numerical techniques for dynamic probabilistic risk assessment of cascading outages},
author = {Henneaux, Pierre and Maun, Jean-Clause},
year = {2016},
note= {{IEEE PES} General Meeting, 2016 (Boston, MA): Panel session entitled, “Cascading Outages - Dynamics, Protection, Validation and Data”},
url= {http://site.ieee.org/pes-cascading/files/2016/07/8-Maun-CFWG-DynamicPRA.pdf},
urldate={2022-08-04},
}

@INPROCEEDINGS{DynaFlow
,author={Cossart, Quentin and Chiaramello, Marco and Guironnet, Adrien and Panciatici, Patrick},  booktitle={2021 IEEE Madrid PowerTech},   title={A Novel Approach for the Calculation of Steady States in Transmission Systems Using Simplified Time-Domain Simulation},   year={2021}, doi={10.1109/PowerTech46648.2021.9494933}}

@misc{DynaWaltz,
  author = {RTE},
  title = {Dyna{W}altz},
  url = {https://dynawo.github.io/about/dynawaltz},
  urldate = {2022-08-05},
}

@book{HorowitzBook,
  title={Power System Relaying},
  edition = {Fourth},
  author={Horowitz, Stanley H. and Phadke, Arun G.},
  isbn={978-1-118-66200-7},
  year={2014},
  publisher={Wiley}
}

@techreport{PSRCreportProtectionMisop,
title = {Performance of Relaying during Wide-Area Stressed Conditions},
author = {{IEEE PSRC working group C12}},
place = {United States},
institution = {IEEE},
year = {2008},
month = {5},
url = {https://www.pes-psrc.org/kb/published/reports/Performance_of_Relaying_During_Stressed_Conditions.pdf},
urldate = {2022-08-09},
}

@ARTICLE{PSRCreportSummaryProtectionMisop,
author={Novosel, Damir and Bartok, George and Henneberg, Gene and Mysore, Pratap and Tziouvaras, Demetrios and Ward, Solveig},  journal={IEEE Transactions on Power Delivery},   title={{IEEE PSRC} Report on Performance of Relaying During Wide-Area Stressed Conditions},   year={2010},  volume={25},  number={1},  pages={3-16},  doi={10.1109/TPWRD.2009.2035202}}

@INPROCEEDINGS{ProtectionFailuresDemetrios,
author={Tziouvaras, Demetrios},  booktitle={2007 60th Annual Conference for Protective Relay Engineers},   title={Relay Performance During Major System Disturbances},   year={2007},  volume={},  number={},  pages={251-270},  doi={10.1109/CPRE.2007.359905}}

@techreport{ENTSOEdefencePlan,
title = {TECHNICAL BACKGROUND AND RECOMMENDATIONS FOR DEFENCE PLANS IN THE CONTINENTAL {E}UROPE SYNCHRONOUS AREA},
author = {{ENTSO-E System protection and dynamics subgroup}},
institution = {ENTSO-E},
year = {2010},
month = {10},
url = {https://eepublicdownloads.entsoe.eu/clean-documents/pre2015/publications/entsoe/RG_SOC_CE/RG_CE_ENTSO-E_Defence_Plan_final_2011_public_110131.pdf},
urldate = {2022-08-09},
}

@techreport{CigreDefensePlan,
title = {Defense plan against extreme contingencies},
author = {{CIGRE Task Force C2.02.24}},
institution = {CIGRE},
year = {2007},
month = {4},
number = {316},
}


@article{distanceFigure,
author = {Amroune, Mohammed and Zellagui, Mohamed and Bouktir, Tarek and Chaghi, Abdelaziz},
year = {2014},
month = {07},
pages = {10-18},
title = {Optimal Placement of {TCSC} to Improve Voltage Stability Limit Considering Impacts on Setting Zones of Distance Protection Relays},
volume = {55},
journal = {ACTA Electrotehnica}
}

@misc{ENTSOEgeneratorRequirements,
author = {{EUROPEAN COMMISSION}},
title = {{COMMISSION REGULATION (EU) 2016/631 of 14 April 2016 establishing a network code on requirements for grid connection of generators}},
year = {2016},
month = {4},
url = {https://eur-lex.europa.eu/legal-content/EN/TXT/?uri=OJ:JOL_2016_112_R_0001#d1e311-1-1},
urldate = {2024-07-05},
}

@ARTICLE{3rdZoneRevisited,
author={Horowitz, S.H. and Phadke, A.G.},  journal={IEEE Transactions on Power Delivery},   title={Third zone revisited},   year={2006},  volume={21},  number={1},  pages={23-29},  doi={10.1109/TPWRD.2005.860244}}

@article{LoadEncroachmentFig,
author = {Patel, Ujjaval and Chothani, Nilesh and Bhatt, Praghnesh},
year = {2018},
month = {07},
pages = {58-70},
title = {Adaptive quadrilateral distance relaying scheme for fault impedance compensation},
volume = {14},
journal = {Electrical, Control and Communication Engineering},
doi = {10.2478/ecce-2018-0007}
}

@techreport{ENTSOE-UFLS,
title = {P5 - Policy 5: Emergency Operations},
author = {{ENTSO-E}},
institution = {ENTSO-E},
year = {2015},
month = {9},
url = {https://eepublicdownloads.entsoe.eu/clean-documents/Publications/SOC/Continental_Europe/oh/20150916_Policy_5_Approved_by_ENTSO-E_RG_CE_Plenary.pdf},
urldate = {2022-08-10},
}

@book{kundur,
  title={Power System Stability and Control},
  author={Kundur, P. and Balu, N.J. and Lauby, M.G.},
  isbn={9780070359581},
  lccn={93021456},
  series={EPRI power system engineering series},
  year={1994},
  publisher={McGraw-Hill Education}
}

@book{CutsemBook,
  title={Voltage stability of electric power systems},
  author={Van Cutsem, Thierry and Vournas, Costas},
  isbn={9780792381396},
  series={Power electronics and power systems},
  year={1998},
  publisher={McGraw-Hill Education}
}

@phdthesis{ChaspierreThesis,
  author       = {Chaspierre, Gilles},
  title        = {Reduced-order modelling of active distribution networks for large-disturbance simulations},
  school       = {Université de Liège},
  year         = 2020,
  month        = 10,
}

@ARTICLE{ChaspierrePaper,
author={Chaspierre, Gilles and Denis, Guillaume and Panciatici, Patrick and Van Cutsem, Thierry},  journal={IEEE Transactions on Smart Grid},   title={An Active Distribution Network Equivalent Derived From Large-Disturbance Simulations With Uncertainty},   year={2020},  volume={11},  number={6},  pages={4749-4759},  doi={10.1109/TSG.2020.2999114}}

@ARTICLE{IndustryLoadModel,
author={Milanovic, Jovica V. and Yamashita, Koji and Martínez Villanueva, Sergio and Djokic, Sasa Z. and Korunović, Lidija M.},  journal={IEEE Transactions on Power Systems},   title={International Industry Practice on Power System Load Modeling},   year={2013},  volume={28},  number={3},  pages={3038-3046},  doi={10.1109/TPWRS.2012.2231969}}

@techreport{Italy2003,
title = {Final report of the investigation committee on the 28 {S}eptembre 2003 blackout in {I}taly},
author = {{UCTE}},
institution = {UCTE},
year = {2004},
month = {4},
url = {https://eepublicdownloads.entsoe.eu/clean-documents/pre2015/publications/ce/otherreports/20040427_UCTE_IC_Final_report.pdf},
urldate = {2022-08-11},
}

@ARTICLE{FullTDexample,
author={Aristidou, Petros and Valverde, Gustavo and Van Cutsem, Thierry},  journal={IEEE Transactions on Smart Grid},   title={Contribution of Distribution Network Control to Voltage Stability: A Case Study},   year={2017},  volume={8},  number={1},  pages={106-116},  doi={10.1109/TSG.2015.2474815}}

@techreport{CIGREloadModels,
author = {{CIGRE Working Group C4.605}},
year = {2014},
month = {2},
title = {Modelling and Aggregation of Loads in Flexible Power Networks},
institution = {CIGRE},
}

@techreport{NERCloadModelTF,
author = {{NERC Load Modeling Task Force}},
year = {2016},
month = {12},
title = {Dynamic Load Modeling},
institution = {NERC},
url = {https://www.nerc.com/comm/PC/LoadModelingTaskForceDL/Dynamic%20Load%20Modeling%20Tech%20Ref%202016-11-14%20-%20FINAL.PDF},
urldate = {2022-08-12},
}

@INPROCEEDINGS{ADNreview2013,
author={Resende, F. O. and Matevosyan, J. and Milanovic, J. V.},  booktitle={2013 IEEE Grenoble Conference},   title={Application of dynamic equivalence techniques to derive aggregated models of active distribution network cells and microgrids},   year={2013}, doi={10.1109/PTC.2013.6652356}}

@inproceedings{UruguaySPS,
  title={Implementing a Country-Wide Modular Remedial Action Scheme in {U}ruguay},
  author={Juli{\'a}n Malc{\'o}n and Rameez Rehman Syed and Sai Krishna Raghupathula},
  booktitle={3rd Annual PAC World Americas Conference},
  year={2015},
  address = {Glasgow, Scotland},
}

@inproceedings{GeorgiaSPS,
  title={Upgrading From a Successful Emergency Control System to a Wide-Area Monitoring, Protection, Automation, and Control System for the Country of {G}eorgia Power System},
  author={David Dolezilek and Diego Rodas},
  year={2016},
  booktitle={7th Annual Protection, Automation and Control World Conference},
  url={https://cms-cdn.selinc.com/assets/Literature/Publications/Technical%20Papers/6760_UpgradingSuccessful_DD_20160429_Web2.pdf?v=20171206-212309},
  urldate = {2022-08-17}
}

@inproceedings{BelgiumSPS,
  title={Ensuring the Stability of the {B}elgian Grid With a Special Protection System},
  author={Rodolphe Hanuise and Milind Malichkar and Eliseo Alc{\'a}zar},
  booktitle={47th Annual Western Protective Relay Conference},
  address = {Virtual conference},
  year={2020}
}

@phdthesis{SPSreliabilityThesis,
  author       = {Nan Liu},
  title        = {Reliability Assessment of a System Integrity Protection Scheme for Transmission Networks},
  address      = {University of Manchester},
  year         = 2017,
  school       = {Department of Electrical \& Electronic Engineering}
}

@ARTICLE{SPS-MingNi,
author={Yu, Wenjie and Xue, Yusheng and Luo, Jianbo and Ni, Ming and Tong, Heqin and Huang, Tiangang},  journal={IEEE Transactions on Smart Grid},   title={An {UHV} Grid Security and Stability Defense System: Considering the Risk of Power System Communication},   year={2016},  volume={7},  number={1},  pages={491-500},  doi={10.1109/TSG.2015.2392100}}

@inproceedings{GECOtestcase,
author = {Lin, Hua and Deng, Yi and Shukla, Sandeep and Thorp, J.s and Mili, Lamine},
booktitle={2012 IEEE Third International Conference on Smart Grid Communications (SmartGridComm)},
year = {2012},
pages = {},
title = {Cyber Security Impacts on All-{PMU} State Estimator - {A} Case Study on Co-Simulation Platform {GECO}},
doi = {10.1109/SmartGridComm.2012.6486049},
address = {Taiwan City, Taiwan}
}

@INPROCEEDINGS{SPS-Ciapessoni,
author={Canevese, Silvia and Ciapessoni, Emanuele and Cirio, Diego and Pitto, Andrea and Rapizza, Marco},  booktitle={2016 IEEE International Energy Conference (ENERGYCON)},   title={Wide area system Protection Scheme design with an Artificial Intelligence approach considering communication constraints},   year={2016},  volume={},  number={}, doi={10.1109/ENERGYCON.2016.7514080}}

@ARTICLE{rbts,
author={Allan, R.N. and Billinton, R. and Sjarief, I. and Goel, L. and So, K.S.},  journal={IEEE Transactions on Power Systems},   title={A reliability test system for educational purposes - basic distribution system data and results},   year={1991},  volume={6},  number={2},  pages={813-820},  doi={10.1109/59.76730}}

@misc{roundTripTime,
	series =	{Request for Comments},
	number =	6298,
	howpublished =	{RFC 6298},
	publisher =	{RFC Editor},
	doi =		{10.17487/RFC6298},
        author =	{Matt Sargent and Jerry Chu and Dr. Vern Paxson and Mark Allman},
	title =		{Computing {TCP}'s Retransmission Timer},
	pagetotal =	11,
	year =		2011,
	month =		jun,
}

@article{littleLaw,
  title={A proof for the queuing formula: {\(L=\lambda W\)}},
  author={Little, John DC},
  journal={Operations research},
  volume={9},
  number={3},
  pages={383--387},
  year={1961},
  publisher={INFORMS}
}

@ARTICLE{FDIAreview,  author={Liang, Gaoqi and Zhao, Junhua and Luo, Fengji and Weller, Steven R. and Dong, Zhao Yang},  journal={IEEE Transactions on Smart Grid},   title={A Review of False Data Injection Attacks Against Modern Power Systems},   year={2017},  volume={8},  number={4},  pages={1630-1638},  doi={10.1109/TSG.2015.2495133}}

@ARTICLE{FDIAreview2,  author={Zhang, Hang and Liu, Bo and Wu, Hongyu},  journal={IEEE Access},   title={Smart Grid Cyber-Physical Attack and Defense: A Review},   year={2021},  volume={9},  number={},  pages={29641-29659},  doi={10.1109/ACCESS.2021.3058628}}

@book{bookUK_OPGW,
author = {Knight, U.G.},
year = {2013},
title = {Power Systems in Emergencies: From Contingency Planning to Crisis Management},
publisher = {Wiley},
isbn = {9780471490166},
doi = {10.1002/9781118878323}
}

@phdthesis{ThesisInspire,
  author       = {Hanno Georg},
  title        = {Co-simulation Based Performance Evaluation of {ICT} Infrastructures for Smart Grids},
  address      = {Techischen Universität Dortmund},
  year         = 2015,
  school       = {Facultät für Elecktrotechnik und Informationtechnik}
}

@book{trafficBook,
  title={Computer and Communication Networks},
  author={Mir, N.F.},
  isbn={9780133814743},
  lccn={2014037209},
  url={https://flylib.com/books/en/2.959.1.96/1/},
  year={2015},
  publisher={Prentice Hall},
  urldate = {2022-06-08},
}

@online{RTEsubstations,
  author = {RTE},
  title = {Maintaining and making adjustments to the grid},
  url = {https://www.rte-france.com/en/uninterrupted-flow-current/maintaining-and-making-to-the-grid},
  urldate = {2022-06-08},
}

@misc{ESOcircuitBreakerDelay,
    author={{National Grid}},
    title={Technical specifications 3.02.01: circuit-breakers},
    year={2018},
    url={https://www.nationalgrideso.com/document/33141/download},
    urldate = {2022-06-08},
    urldate = {2022-06-08},
}

@ARTICLE{StandardC37-118-2,
author={{Power System Relaying Committee}},  journal={IEEE Std C37.118.2-2011 (Revision of IEEE Std C37.118-2005)},   title={{IEEE} Standard for Synchrophasor Data Transfer for Power Systems},   year={2011}, pages={1-53},  doi={10.1109/IEEESTD.2011.6111222}}

@misc{BTnetwork,
author = {KITZ},
title = {{BT 21CN} - Network Topology \& Technology},
url = {https://kitz.co.uk/adsl/21cn_network.htm},
urldate = {2022-08-18},
}

@inbook{SEbook,
  author={Antonio Gómez-Expósito and Ali Abur},
  year= 2009,
  chapter={4 State estimation},
  title= {Electric Energy Systems},
  publisher= {Taylor \& Francis Group, LLC},
  address = {Florida}
}

@misc{cypressD11,
   author = {Efthymios Karangelos and Klaas Thoelen and Farshid Faghihi and Frédéric Sabot and Dave Singelée and Volkan Guler and Jonathan Francart and Pierre Henneaux and Hakan Ergun},
   title = {{CYPRESS}: Report {D1.1} describing the selected performance metrics},
   year = 2021,
   month = 6,
   url = {https://cypress-project.be/images/nieuws/cypress_report_D11_executive_summary.pdf},
   urldate = {2022-08-26},
}

@unpublished{cypressD13,
  author = {Adrien Godfraind and Frédéric Sabot and Sami Ben Mariem and Vincent Rossetto and Pierre Henneaux and Yves Vanaubel},
  title  = {{CYPRESS}: Report {D1.3} describing the benchmarks},
  year = 2022,
  month = 11,
  url = {https://cypress-project.be/images/nieuws/cypress_report_D1.3.pdf},
  urldate = {2024-07-03},
}

@unpublished{cypressD21,
  author = {Efthymios Karangelos and Mahdi Bahrami and Frédéric Sabot},
  title  = {{CYPRESS} Report {D2.1}: Modeling for cyber-physical risk
assessment},
  year = 2024,
  addendum = {\textbf{{N}ote:} Under finalisation.},
}
  month = 11,
  url = {https://cypress-project.be/images/nieuws/cypress_report_D1.3.pdf},
  urldate = {2024-07-03},

@article{LabeauTowards,
title = {Dynamic reliability: towards an integrated platform for probabilistic risk assessment},
journal = {Reliability Engineering \& System Safety},
volume = {68},
number = {3},
pages = {219-254},
year = {2000},
doi = {https://doi.org/10.1016/S0951-8320(00)00017-X},
author = {P.E. Labeau and C. Smidts and S. Swaminathan},
}

@inproceedings{hydroGov,
author = {Emil Johansson and Kjetil Uhlen and Gerd Kjølle and Trond Toftevaag},
year = {2011},
month = {01},
booktitle={17th Power Systems Computation Conference, PSCC 2011},
title = {Reliability evaluation of wide area monitoring applications and extreme contingencies},
address = {Stockholm, Sweden},
}

@book{vittalBook,
  title={Power System Control and Stability},
  author={Vittal, V. and McCalley, J.D. and Anderson, P.M. and Fouad, A.A.},
  isbn={9781119433712},
  series={IEEE Press Series on Power and Energy Systems},
  year={2019},
  publisher={Wiley}
}

@misc{ACER,
    author = {{ACER}},
    title = {Decision No 07/2019 of the agency for the cooperation of energy regulators of 19 June 2019 on all the {TSO}s' proposal for the methodology for coordinating operation security analysis},
}

@misc{ACER_CSAM,
    author = {{ACER}},
    title = {ACER Decision on CSAM: Annex I - Methodology for coordinating operational security analysis},
    url = {https://www.acer.europa.eu/sites/default/files/documents/Individual%20Decisions_annex/ACER_Decision_CSAM-AnnexI_Rectified.pdf},
    year = 2019,
    month = 6,
    urldate = {2024-08-01},
}


@INPROCEEDINGS{ProtectionMisoperationsBian2012,
  author={Bian, J. J. and Slone, A. D. and Tatro, P. J.},
  booktitle={2014 IEEE PES General Meeting | Conference \& Exposition},
  title={Protection system misoperation analysis},
  year={2014},
  doi={10.1109/PESGM.2014.6939488}
}

@ARTICLE{VittalN-1-1,
  author={Mitra, Parag and Vittal, Vijay and Keel, Brian and Mistry, Jeni},
  journal={IEEE Power and Energy Technology Systems Journal},
  title={A Systematic Approach to  ${n}$ -1-1 Analysis for Power System Security Assessment},
  year={2016},
  volume={3},
  number={2},
  pages={71-80},
  doi={10.1109/JPETS.2016.2546282}}

@INPROCEEDINGS{ContingencyTypes,
  author={Robak, Sylwester and Machowski, Jan and Gryszpanowicz, Konrad},
  booktitle={2017 18th International Scientific Conference on Electric Power Engineering (EPE)},
  title={Contingency selection for power system stability analysis},
  year={2017},
  doi={10.1109/EPE.2017.7967241}}

@ARTICLE{FaultStatisticsFrance,
  author={Calmet, B},
  journal={Technique de l'ingénieur},
  title={Protection des réseaux de transport et de répartition : présentation - {D4800}},
  year={2009},}

@techreport{ENTSOEIbericSplit2021,
title = {Continental {E}urope Synchronous Area Separation on 24 July 2021},
author = {{ICS Investigation Expert Panel}},
institution = {ENTSO-E},
year = {2022},
month = {3},
url = {https://eepublicdownloads.azureedge.net/clean-documents/Publications/2022/entso-e_CESysSep_210724_02_Final_Report_220325.pdf},
urldate = {2022-12-01},
}

@techreport{ENTSOESplitJan2021,
title = {Continental {E}urope Synchronous Area Separation on 08 January 2021},
author = {{ICS Investigation Expert Panel}},
institution = {ENTSO-E},
year = {2021},
month = {7},
url = {https://eepublicdownloads.azureedge.net/clean-documents/SOC%20documents/SOC%20Reports/entso-e_CESysSep_Final_Report_210715.pdf},
urldate = {2024-05-29},
}

@ARTICLE{ContingencyMotifs,
  author={Zhou, Kai and Dobson, Ian and Wang, Zhaoyu},
  journal={IEEE Transactions on Power Systems},
  title={The Most Frequent N-k Line Outages Occur in Motifs That Can Improve Contingency Selection},
  year={2024},
  volume={39},
  number={1},
  pages={1785-1796},
  doi={10.1109/TPWRS.2023.3249825}}

@techreport{2019UKBlackout,
year = {2020},
title = {9 August 2019 power outage report},
author = {Ofgem},
url = {https://www.ofgem.gov.uk/sites/default/files/docs/9_august_2019_power_outage_report.pdf},
urldate = {2024-05-17},
institution = {Ofgem},
}

@misc{FaultRideThroughEnforcement,
  author = {Ofgem},
  title = {Grid Code {(GC) GC0151}: Grid Code Compliance with
Fault Ride Through Requirements {(GC0151)}},
  year = {2021},
  url = {https://www.ofgem.gov.uk/sites/default/files/2021-11/GC0151%20Authority%20Decision.pdf},
}

@techreport{USBlackout2003,
year = {2004},
title = {Blackout 2003: Final report on the {A}ugust 14, 2003 blackout
in the {U}nited {S}tates and {C}anada: Causes and recommendations},
author = {{Electricity Markets and Policy Group, Energy Analysis and Environmental Impacts Department}},
url = {https://www3.epa.gov/region1/npdes/merrimackstation/pdfs/ar/AR-1165.pdf},
urldate = {2024-05-21},
institution = {US Department of Energy},
}

@ARTICLE{TwoLevelPSA,
  author={Henneaux, Pierre and Labeau, Pierre-Etienne and Maun, Jean-Claude and Haarla, Liisa},
  journal={IEEE Transactions on Power Systems},
  title={A Two-Level Probabilistic Risk Assessment of Cascading Outages},
  year={2016},
  volume={31},
  number={3},
  pages={2393-2403},
  doi={10.1109/TPWRS.2015.2439214}}

@ARTICLE{DCAT_2023,
  author={Guddanti, Kishan Prudhvi and Vyakaranam, Bharat and Mahapatra, Kaveri and Hou, Zhangshuan and Etingov, Pavel and Samaan, Nader and Nguyen, Tony and Nguyen, Quan},
  journal={IEEE Access},
  title={Dynamic Security Analysis Framework for Future Large Grids With High Renewable Penetrations},
  year={2023},
  volume={11},
  pages={8159-8171},
  doi={10.1109/ACCESS.2023.3238316}}

@ARTICLE{STAG,
  author={Stubbe, M. and Bihain, A. and Deuse, J. and Baader, J.C.},
  journal={IEEE Transactions on Power Systems},
  title={STAG-a new unified software program for the study of the dynamic behaviour of electrical power systems},
  year={1989},
  volume={4},
  number={1},
  pages={129-138},
  doi={10.1109/59.32470}}

@INPROCEEDINGS{StrathElia,
  author={Bukhsh, Waqquas and Bell, Keith and Vergnol, Arnaud and Weynants, Antoine and Sprooten, Jonathan},
  booktitle={2018 Power Systems Computation Conference (PSCC)},
  title={Enhanced, Risk-Based System Development Process: A Case Study from the {B}elgian Transmission Network},
  year={2018},
  volume={},
  number={},
  pages={},
  doi={10.23919/PSCC.2018.8442756}}

@techreport{StrathGARPUR,
author = {{GARPUR Consortium}},
year = {2017},
title = {Upgrading of the decision-making process for system
development},
institution = {Deliverable 4.2, 7th framework programme, EU
Commission grant agreement 608570},
}

@misc{ACER_MC_year,
    author = {{ACER}},
    title = {{ACER} Decision on the {ERAA} methodology: Annex {I} Methodology for the {E}uropean resource adequacy assessment},
    year = {2019},
}

@techreport{ENTSOE_MC_year,
author = {{ENTSO-E}},
title = {European Resource Adequacy Assessment - Annex 2: Methodology},
year = {2023},
url = {https://www.acer.europa.eu/sites/default/files/documents/en/Electricity/European_Resource_Adequacy_Assessment/Consolidated_ERAA_2023_Annexes.zip},
urldate = {2024-06-17},
institution = {ENTSO-E},
}

@techreport{iTesla_uncertainties,
author = {{iTesla}},
title = {Deliverable {D2.4} - Data mining methods - Uncertainties modeling for offline and online security assessment},
year = {2013},
url = {https://web.archive.org/web/20170603214909/http://www.itesla-project.eu/system/resources/BAhbBlsHOgZmSSJ7MjAxMy8xMi8xMi8wOV8zNV8zMV83MzF/iTesla_D2%25204%2520_V1_3_2_%2520Modelling%2520of%2520uncertainties%2520for%2520offline%2520and%2520inline%2520security%2520assessment.p},
urldate = {2024-06-17},
}


@techreport{EliaAdequacy,
author = {{Elia}},
year = {2021},
title = {Adequacy and Flexibility Study for Belgium 2022-2032},
institution = {Elia},
}

@INPROCEEDINGS{KonstantelosCopulas,
  author={Mingyang Sun and Konstantelos, Ioannis and Tindemans, Simon and Strbac, Goran},
  booktitle={2016 Power Systems Computation Conference (PSCC)},
  title={Evaluating composite approaches to modelling high-dimensional stochastic variables in power systems},
  year={2016},
  doi={10.1109/PSCC.2016.7540837}
}

@techreport{G99,
	title = {Engineering {R}ecommendation {G99} - Requirements for the connection of generation equipment in parallel with public distribution networks on or after 27 {A}pril 2019},
	author = {ENA},
	month = 10,
	year = {2022},
}

@ARTICLE{IEEE_SIPS,
  author={{Power System Relaying and Control Committee}},
  journal={IEEE Std C37.250-2020},
  title={{IEEE} Guide for Engineering, Implementation, and Management of System Integrity Protection Schemes},
  year={2020},
  pages={1-71},
  doi={10.1109/IEEESTD.2020.9120373}}

@INPROCEEDINGS{CIGRE_SIPS_tutorial,
    author = {Moors, Cédric and Terzija, Vladimir and Apostolov, Alex},
    title = {System Integrity Protection Schemes in the Context of Evolving Power Grids},
    year = {2022},
    booktitle = {CIGRE Paris session 2022, SIPS tutorial}
}

@INPROCEEDINGS{VanCutsemPlausibleN-k,
author={Weckesser, Tilman and Van Cutsem, Thierry},  booktitle={2018 Power Systems Computation Conference (PSCC)},   title={Identifying Plausible Harmful {N-K} Contingencies: A Practical Approach Based on Dynamic Simulations},   year={2018},  volume={},  number={}, doi={10.23919/PSCC.2018.8442654}}

@ARTICLE{SequencesRelaySobol,
author={Leavy, Aaron S. C. and Nakas, Georgios A. and Papadopoulos, Panagiotis N.},  journal={IEEE Transactions on Power Delivery},   title={A Method for Variance-Based Sensitivity Analysis of Cascading Failures},   year={2022},  volume={},  number={},  doi={10.1109/TPWRD.2022.3199150}}

@ARTICLE{IEEE39,  author={T. {Athay} and R. {Podmore} and S. {Virmani}},  journal={IEEE Transactions on Power Apparatus and Systems},  title={A Practical Method for the Direct Analysis of Transient Stability},   year={1979},  volume={PAS-98},  number={2},  pages={573-584},}

@ARTICLE{IEEE39Dynamic,  author={Demetriou, Panayiotis and Asprou, Markos and Quiros-Tortos, Jairo and Kyriakides, Elias},  journal={IEEE Systems Journal},   title={Dynamic {IEEE} Test Systems for Transient Analysis},   year={2017},  volume={11},  number={4},  pages={2108-2117},  doi={10.1109/JSYST.2015.2444893}}

@article{IEEE39figure,
author = {Abdelaziz, Almoataz and El-Sharkawy, M.A. and Attia, Mahmoud},
year = {2013},
month = {09},
pages = {7-14},
title = {Comparison of Series and Shunt FACTS to Improve the Performance of Power System with Wind Penetration},
volume = {1},
journal = {International Journal of Advances in Power Systems (IJAPS)}
}

@inproceedings{Vorwerk,
title = {Using Quantile Forecasts for Dynamic Equivalents
of Active Distribution Grids under Uncertainty},
booktitle = {11th Bulk Power Systems Dynamics and Control ({IREP} 2022)},
location={Banff, Canada},
year = {2022},
% doi = {10.48550/arXiv.2207.03915},
author = {Johanna Vorwerk and Thierry Zufferey and Petros Aristidou and Gabriela Hug},
}

@techreport{der_a,
	title = {The New Aggregated Distributed Energy Resources (der\_a) Model for Transmission Planning Studies: 2019 Update},
	author = {EPRI},
	month = mar,
	year = {2019},
}

@techreport{der_a_parametrisation,
author = {{NERC}},
year = {2019},
month = {09},
title = {Reliability guideline - Parametrization of the {DER\_A} model},
}

@techreport{component_based,
author = {{NERC}},
year = {2017},
month = {03},
title = {Reliability guideline - Developing load model composition data},
}

@article{fulgencio,
	title = {Aggregated dynamic model of active distribution networks for large voltage disturbances},
	volume = {178},
	journal = {Electric Power Systems Research},
	author = {Fulgêncio, Nuno and Moreira, Carlos and Carvalho, Leonel and Lopes, João Peças},
	year = {2020},
}

@techreport{CIGREMV,
author = {{CIGRE Working Group C4.04}},
year = {2014},
month = {4},
title = {Benchmark Systems for Network Integration of Renewable and Distributed Energy Resources},
institution = {CIGRE},
}

@techreport{G99,
	title = {Engineering Recommendation {G99} - Requirements for the connection of generation equipment in parallel with public distribution networks on or after 27 April 2019},
	author = {ENA},
	month = 10,
	year = {2022},
}

@techreport{G59,
	title = {Engineering Recommendation {G59} - Recommendations for the Connection of Generating Plant to the Distribution Systems of Licensed Distribution Network Operators},
	author = {ENA},
	month = 9,
	year = {2019},
}

@techreport{G98,
	title = {Engineering Recommendation {G98} - Requirements for the connection of Fully Type Tested Micro-generators (up to and including 16 A per phase) in parallel with public Low Voltage Distribution Networks on or after 27 April 2019},
	author = {ENA},
	month = 10,
	year = {2022},
}

@techreport{G83,
	title = {Engineering Recommendation {G83} - Recommendations for the Connection of Type Tested Small-scale Embedded Generators (Up to 16A per Phase) in Parallel with Low-Voltage Distribution Systems},
	author = {ENA},
	month = 6,
	year = {2019},
}

@phdthesis{Sam_thesis,
	title = {Dynamic Interactions Between Voltage and Frequency Events in Future Power Systems},
	school = {University of Strathclyde},
	author = {Gordon, Samuel},
	year = {2024},
}


@techreport{ETYS,
  author = {{National Grid ESO}},
	title = {{ETYS} documents and appendices},
	url = {https://www.nationalgrideso.com/research-and-publications/electricity-ten-year-statement-etys/etys-documents-and-appendices},
  urldate = {2024-06-07},
}

@techreport{HND_2022,
	author = {{National Grid ESO}},
	title = {Pathway to 2030 - Holistic Network Design},
  year = {2022},
  month = 7,
	url = {https://www.nationalgrideso.com/document/262681/download},
  urldate = {2024-06-07},
}

@techreport{HND_2024,
	author = {{National Grid ESO}},
	title = {Beyond 2030},
  year = {2024},
  month = 3,
	url = {https://www.nationalgrideso.com/document/304761/download},
  urldate = {2024-06-07},
}

@misc{scotwind_2022,
	author = {{Scottish Government}},
	title = {ScotWind Offshore Wind Leasing Round: statement by the {N}et {Z}ero {S}ecretary},
	month = 1,
	year = {2022},
	url = {https://www.gov.scot/publications/scotwind-offshore-wind-leasing-round-statement-net-zero-secretary-18-january-2022/},
}

@misc{sheffield_pv,
	author = {{The University of Sheffield}},
	title = {{PV} {L}ive},
	url = {https://www.solar.sheffield.ac.uk/pvlive/},
	urldate = {2024-01-24},
}

@misc{FES_regional,
	author = {{National Grid ESO}},
	title = {Future Energy Scenarios 2022 - Regional breakdown of {FES} data},
	year = {2022},
  url = {https://www.nationalgrideso.com/future-energy/future-energy-scenarios-fes/fes-documents},
  addendum = {\textbf{{N}ote:} The 2022 version of the FES data is located in the ``2022 archive'' tab}
}

@techreport{FES_in_5,
	author = {{National Grid ESO}},
	title = {{FES} in Five},
	year = {2023},
  month = {7},
  url = {https://www.nationalgrideso.com/document/283056/download},
}

@techreport{aemo_short_duration,
	author = {AEMO},
	title = {Short Duration Undervoltage Disturbance Ride-Through Test Procedure - A Consultation},
	url = {https://aemo.com.au/-/media/files/stakeholder_consultation/consultations/nem-consultations/2020/short-duration-undervoltage/short-duration-vdrt-consultation-test-procedure-meeting-pack.pdf?la=en},
	urldate = {2024-01-25},
}

@techreport{aemo_behaviour_2021,
	author = {{AEMO}},
	title = {Behaviour of distributed resources during power system disturbances - Overview of key findings},
	url = {https://aemo.com.au/-/media/files/initiatives/der/2021/capstone-report.pdfBF184AC51804652E268B3117EC12327A},
	month = may,
	year = {2021},
}

@misc{capacity_register_northern_powergrid,
	author = {{Northern Powergrid}},
	title = {Embedded Capacity Register {1MW} and Over},
	url = {https://northernpowergrid.opendatasoft.com/explore/dataset/embedded-capacity-register/information/},
	urldate = {2024-01-02},
}

@misc{capacity_register_ssen,
	author = {{Scottish \& Southern Electricity Networks}},
	title = {Embedded Capacity Register},
	url = {https://www.ssen.co.uk/our-services/tools-and-maps/embedded-capacity-register/},
	urldate = {2024-01-02},
}

@misc{capacity_register_sp,
	author = {{SP Energy Networks}},
	title = {Embedded Capacity Register},
	url = {https://www.spenergynetworks.co.uk/pages/embedded_capacity_register.aspx},
	urldate = {2024-01-02},
}

@misc{adequacy_vs_security,
  Author = {Henneaux, Pierre},
  Title = {Lecture notes in Electrical Power Systems},
  Institution = {Université libre de Bruxelles},
  Year = {2024},
}

@misc{sedg_github_nodate,
	title = {Github repository},
	url = {https://github.com/sedg/ukgds},
	author = {SEDG},
}

@misc{UKGDS,
  author = {{Centre for Sustainable Electricity and Distributed Generation}},
  title = {United Kingdom Generic Distribution System (UKGDS)},
  year = {2015},
  url = {https://github.com/sedg/ukgds},
}

@article{UK_motor_share,
	title = {The shape of future electricity demand: Exploring load curves in 2050s {G}ermany and {B}ritain},
	volume = {90},
	doi = {10.1016/j.energy.2015.06.082},
	journal = {Energy},
	author = {Boßmann, T. and Staffell, I.},
	year = {2015},
	keywords = {Electric vehicle, Electricity, Electricity demand, Heat pump, Load forecasting, Load modelling},
	pages = {1317--1333},
}

@inproceedings{WECC_CLM_association,
	author = {Gaikwad, Anish and Markham, Penn and Pourbeik, Pouyan},
	title = {Implementation of the WECC Composite Load Model for utilities using the component-based modeling approach},
	booktitle = {2016 {IEEE}/{PES} Transmission and Distribution Conference and Exposition},
	year = {2016},
}

@techreport{sygensys,
	author = {SYGENSYS},
	title = {Resilient Electrical Vehicle Charging ({REV}) - Work package 1 report},
	month = 2,
	year = {2022},
}

@techreport{aemo_psse_2022,
	title = {{PSS}®{E} models for load and distributed {PV} in the {NEM}},
	author = {AEMO},
	month = 11,
	year = {2022},
}


@article{pourbeik_developing_2021,
	title = {Developing Dynamic Load Models for the Australian National Electricity Market with a Focus on Distributed Energy Resources},
	journal = {CIGRE Science \& Engineering},
	author = {Pourbeik, P. and Ryan, D. J. and Brnadic, F. and Riesz, J. and Badrzadeh, B. and Lu, J.},
	month = 2,
	year = {2021},
}

@Article{EqualAreaCriterionEnergies,
AUTHOR = {Bahmanyar, Alireza and Ernst, Damien and Vanaubel, Yves and Gemine, Quentin and Pache, Camille and Panciatici, Patrick},
TITLE = {Extended Equal Area Criterion Revisited: A Direct Method for Fast Transient Stability Analysis},
JOURNAL = {Energies},
VOLUME = {14},
YEAR = {2021},
NUMBER = {21},
ARTICLE-NUMBER = {7259},
ISSN = {1996-1073},
DOI = {10.3390/en14217259}
}

@INPROCEEDINGS{EqualAreaCriterionPSCC,
  author={Bahmanyar, Alireza and Duchesne, L and Dekeyne, G and Clement, R and Gemine, Quentin and Panciatici, Patrick and Ernst, Damien},
  booktitle={2024 Power Systems Computation Conference (PSCC)},
  title={Identification of the critical cluster of generators by during fault angle trajectory estimation for transient stability analysis},
  year={2024},}

@ARTICLE{ScreeningPLL,
   author = {Wang, Wenzong and Huang, Garng M. and Ramasubramanian, Deepak and Farantatos, Evangelos},
   ISSN = {1751-8687},
   title = {Transient stability analysis and stability margin evaluation of phase-locked loop synchronised converter-based generators},
   journal = {IET Generation, Transmission \& Distribution},
   issue = {22},
   volume = {14},
   year = {2020},
   publisher ={Institution of Engineering and Technology},
}

@article{VoltageScreeningMachowski,
author = {Machowski, Jan and Kacejko, Piotr and Robak, Sylwester and Miller, Piotr and Wancerz, Marek},
title = {Simplified angle and voltage stability criteria for power system planning based on the short-circuit power},
journal = {International Transactions on Electrical Energy Systems},
volume = {25},
number = {11},
pages = {3096-3108},
keywords = {power system stability, long-term network planning, short-circuit power},
doi = {10.1002/etep.2024},
year = {2015}
}

@ARTICLE{RTS-GMLC,
  author={Barrows, Clayton and Bloom, Aaron and Ehlen, Ali and Ikäheimo, Jussi and Jorgenson, Jennie and Krishnamurthy, Dheepak and Lau, Jessica and McBennett, Brendan and O’Connell, Matthew and Preston, Eugene and Staid, Andrea and Stephen, Gord and Watson, Jean-Paul},
  journal={IEEE Transactions on Power Systems},
  title={The {IEEE} Reliability Test System: A Proposed 2019 Update},
  year={2020},
  volume={35},
  number={1},
  pages={119-127},
  doi={10.1109/TPWRS.2019.2925557}}

@article{Prescient,
author = {Knueven, Bernard and Ostrowski, James and Watson, Jean-Paul},
year = {2020},
title = {A novel matching formulation for startup costs in unit commitment},
volume = {12},
journal = {Mathematical Programming Computation},
doi = {10.1007/s12532-020-00176-5}
}

@inproceedings{Dynawo,
	author = {Adrien Guironnet and Marianne Saugier and Sebastien Petitrenaud and Florent Xavier and Patrick Panciatici},
	title = {Towards an Open-Source Solution using {M}odelica for Time-Domain Simulation of Power Systems},
	booktitle = {2018 {IEEE} {PES} Innovative Smart Grid Technologies Conference Europe ({ISGT}-Europe)},
	doi = {10.1109/isgteurope.2018.8571872},
	year = 2018,
	month = 10,
}

@techreport{NERC_load_blinders,
  author = {{System Protection and Control Subcommittee}},
  title = {Determination of Practical Transmission Relaying Loadability Settings - Implementation Guidance for PRC-023-4},
  year = {2017},
  month = 12,
  institution = {NERC}
}

@techreport{ENTSOE-PSA,
author = {{ENTSO-E}},
year = {2021},
title = {All {TSO}s Biennial Progress Report on Operational Probabilistic Coordinated Security Assessment and Risk Management},
url = {https://ee-public-nc-downloads.azureedge.net/strapi-test-assets/strapi-assets/All_TS_Os_Biennial_PRA_progress_report_published_version_15_December_2021_0264cb32f7.pdf},
urldate = {2024-07-08},
institution = {ENTSO-E},
}

@techreport{ENTSOE-PSA_second_report,
author = {{ENTSO-E}},
year = {2023},
title = {Biennial Progress Report on Operational Probabilistic Coordinated Security Assessment and Risk Management},
url = {https://eepublicdownloads.blob.core.windows.net/public-cdn-container/clean-documents/SOC%20documents/SOC%20Reports/entso-e_report_PRA_2023_231208_FINAL.pdf},
urldate = {2024-07-08},
institution = {ENTSO-E},
}

@article{DT_Wehenkel,
title = {Decision tree approach to power systems security assessment},
journal = {International Journal of Electrical Power \& Energy Systems},
volume = {15},
number = {1},
pages = {13-36},
year = {1993},
issn = {0142-0615},
doi = {https://doi.org/10.1016/0142-0615(93)90014-E},
author = {L. Wehenkel and M. Pavella},
}

@article{Bugaje,
title = {Generating quality datasets for real-time security assessment: Balancing historically relevant and rare feasible operating conditions},
journal = {International Journal of Electrical Power \& Energy Systems},
volume = {154},
pages = {109427},
year = {2023},
issn = {0142-0615},
doi = {https://doi.org/10.1016/j.ijepes.2023.109427},
author = {Al-Amin B. Bugaje and Jochen L. Cremer and Goran Strbac},
}

@misc{PEGASE_project,
  author = {{CORDIS}},
  title = {Pan {E}uropean Grid Advanced Simulation and state Estimation},
  url = {https://cordis.europa.eu/project/id/211407},
  urldate = {2024-06-27},
}

@inproceedings{PEGASE_simulation,
author = {Stubbe, Marc and Karoui, Karim and Van Cutsem, Thierry and Wehenkel, Louis},
title = {Le projet {PEGASE}},
booktitle={Revue E tijdschrift - no 4-2008},
year = {2008},
month = 12,
url = {https://orbi.uliege.be/bitstream/2268/9350/1/SRBE-Pegase.pdf}
}

@article{Shahab_HRA,
author = {Shahabeddin Kamyab and Pierre-Etienne Labeau and Pierre Henneaux},
title = {Modeling manual corrective actions in probabilistic risk assessment of cascading outages},
journal = {Electric Power Systems Research},
volume = {234},
pages = {110831},
year = {2024},
issn = {0378-7796},
doi = {https://doi.org/10.1016/j.epsr.2024.110831},
}

@ARTICLE{Panteli_Awareness,
  author={Panteli, Mathaios and Crossley, Peter A. and Kirschen, Daniel S. and Sobajic, Dejan J.},
  title={Assessing the Impact of Insufficient Situation Awareness on Power System Operation},
  journal={IEEE Transactions on Power Systems},
  year={2013},
  volume={28},
  number={3},
  pages={2967-2977},
  doi={10.1109/TPWRS.2013.2240705}
}

@techreport{Vernova_overcurrent,
author = {{GE Vernova}},
title = {Line protection with overcurrent relays},
url = {https://www.gevernova.com/grid-solutions/multilin/notes/artsci/art13.pdf},
urldate = {2024-07-05},
}

@INPROCEEDINGS{Alexandre_PMAPS,
author={Bach, Alexandre and Henneaux, Pierre},
title={Unwanted trip probability estimation of digital protection relays using time-domain simulations},
booktitle={2024 IEEE International Conference on Probabilistic Methods Applied to Power Systems (PMAPS)},
year={2024},
}

@INPROCEEDINGS{Gamze_DIFERS,
author={Dogan, Gamze and Labeau, Pierre-Etienne and Maun, Jean-Claude Sprooten, Jonathan and Galvez, Manuel and Sleurs, Kristof},
title={The {DIFERS} (DIscrete Forecast ERror Scenarios) method for grid reliability assessment in short-term planning},
booktitle={20ème Congrès de maîtrise des risques et de sûreté de fonctionnement},
year={2016},
month = 10,
}

@article{Henneaux_level1,
author = {Pierre Henneaux and Pierre-Etienne Labeau and Jean-Claude Maun},
title = {A level-1 probabilistic risk assessment to blackout hazard in transmission power systems},
journal = {Reliability Engineering \& System Safety},
volume = {102},
pages = {41-52},
year = {2012},
issn = {0951-8320},
doi = {10.1016/j.ress.2012.02.007},
}

@misc{GBConnectionConditions,
author = {{National Grid}},
title = {CONNECTION CONDITIONS - Issue 5 Revision 21},
year = {2017},
month = {3},
url = {https://www.nationalgrid.com/sites/default/files/documents/8589935284-Connection%20Conditions.pdf},
urldate = {2024-07-30},
}

@ARTICLE{CosimFigure,
  author={Palensky, Peter and Van Der Meer, Arjen A. and Lopez, Claudio David and Joseph, Arun and Pan, Kaikai},
  title={Cosimulation of Intelligent Power Systems: Fundamentals, Software Architecture, Numerics, and Coupling},
  journal={IEEE Industrial Electronics Magazine},
  year={2017},
  volume={11},
  number={1},
  pages={34-50},
  doi={10.1109/MIE.2016.2639825}
}

@INPROCEEDINGS{HELICS,
  title={Design of the HELICS high-performance transmission-distribution-communication-market co-simulation framework},
  author={Palmintier, Bryan and Krishnamurthy, Dheepak and Top, Philip and Smith, Steve and Daily, Jeff and Fuller, Jason},
  booktitle={2017 Workshop on Modeling and Simulation of Cyber-Physical Energy Systems (MSCPES)},
  year={2017},
  doi={10.1109/MSCPES.2017.8064542}
}

@ARTICLE{GECOcomputationTime,
  author={Lin, Hua and Veda, Santhosh S. and Shukla, Sandeep S. and Mili, Lamine and Thorp, James},
  journal={IEEE Transactions on Smart Grid},
  title={{GECO}: Global Event-Driven Co-Simulation Framework for Interconnected Power System and Communication Network},
  year={2012},
  volume={3},
  number={3},
  pages={1444-1456},
  doi={10.1109/TSG.2012.2191805}
}

@Inbook{CIGRE_book_screening,
author="Badrzadeh, Babak
and Val Escudero, Marta
and Liao, Yicheng
and Zhu, Yue",
editor="Badrzadeh, Babak
and Emin, Zia",
title="Screening Methods as Preliminary Calculations to Determine the Level and Type of Dynamic Modeling Required",
bookTitle="Power System Dynamic Modelling and Analysis in Evolving Networks",
year="2024",
publisher="Springer Nature Switzerland",
address="Cham",
pages="189--261",
isbn="978-3-031-47821-5",
doi="10.1007/978-3-031-47821-5_5",
}
